# See https://tex.stackexchange.com/a/91601
@electronic{Leif,
  author       = {Leif Rune Hellevik},
  title        = {Numerical Methods for Engineers},
  url          = {https://folk.ntnu.no/leifh/teaching/tkt4140/._main055.html},
  urldate      = {17.12.2022},
  originalyear = {13.01.2020}
}

@article{WuKesheng,
  author  = {Wu, Kesheng and Simon, Horst},
  title   = {Thick-Restart Lanczos Method for Large Symmetric Eigenvalue Problems},
  journal = {SIAM Journal on Matrix Analysis and Applications},
  volume  = {22},
  number  = {2},
  pages   = {602-616},
  year    = {2000},
  doi     = {10.1137/S0895479898334605},
  url     = {https://doi.org/10.1137/S0895479898334605},
  eprint  = {https://doi.org/10.1137/S0895479898334605}
}
